% This file was created with Citavi 6.1.0.0

@misc{AlbrechtArndt.,
 author = {{Albrecht Arndt}},
 year = {2015},
 title = {{Querregelung eines spurgef{\"u}hrten Modellfahrzeugs}},
 url = {https://www.researchgate.net/profile/Albrecht_Arndt/publication/276266170_Querregelung_eines_spurgefuhrten_Modellfahrzeugs/links/55534e7f08aeaaff3bf1034d/Querregelung-eines-spurgefuehrten-Modellfahrzeugs.pdf},
 urldate = {2018-08-07},
 publisher = {Unpublished},
 abstract = {},
 pagetotal = {101},
 doi = {10.13140/RG.2.1.4940.6888},
 file = {28f7cf60-b09c-49af-874b-fb48a4c0c9df:C\:\\Users\\c.kary\\AppData\\Local\\Swiss Academic Software\\Citavi 6\\ProjectCache\\j8x0ro3icur1sl3p764vf4zcubrj4hxy0i5xkhrupfohybdpedt\\Citavi Attachments\\28f7cf60-b09c-49af-874b-fb48a4c0c9df.pdf:pdf;1f53c43f-d802-4f42-85b8-5b6ff0e87c20:C\:\\Users\\c.kary\\AppData\\Local\\Swiss Academic Software\\Citavi 6\\ProjectCache\\j8x0ro3icur1sl3p764vf4zcubrj4hxy0i5xkhrupfohybdpedt\\Remote Attachments\\1f53c43f-d802-4f42-85b8-5b6ff0e87c20.pdf:pdf},
 language = {de}
}


@online{VectorInformatikGmbH.2018,
 author = {{Vector Informatik GmbH}},
 year = {2018},
 title = {{CANoe}},
 url = {https://vector.com/portal/medien/cmc/info/CANoe_ProductInformation_DE.pdf},
 keywords = {Produktinformation},
 urldate = {2018-06-08},
 abstract = {},
 pagetotal = {54},
 file = {dc3e3dc9-25f5-4105-91df-19948e8d08ab:C\:\\Users\\c.kary\\AppData\\Local\\Swiss Academic Software\\Citavi 6\\ProjectCache\\j8x0ro3icur1sl3p764vf4zcubrj4hxy0i5xkhrupfohybdpedt\\Citavi Attachments\\dc3e3dc9-25f5-4105-91df-19948e8d08ab.pdf:pdf},
 subtitle = {{Produktinformation}}
}


@online{VectorInformatikGmbH.07.08.2017,
 author = {{Vector Informatik GmbH}},
 year = {07.08.2017},
 title = {{CAPL Documentation}},
 url = {https://kb.vector.com/entry/48/},
 urldate = {2018-06-08},
 abstract = {},
 location = {Stuttgart},
 organization = {{Vector Informatik GmbH}},
 subtitle = {{Vector KnowledgeBase}}
}


@online{VectorInformatikGmbH.2015,
 author = {{Vector Informatik GmbH}},
 year = {2015},
 title = {{Handbuch CANcaseXL}},
 url = {https://vector.com/portal/medien/cmc/manuals/CANcaseXL_Manual_DE.pdf},
 keywords = {V5.2.0},
 urldate = {2018-06-08},
 abstract = {},
 pagetotal = {40},
 file = {c84289cb-82b7-4138-b60c-34f7600e902b:C\:\\Users\\c.kary\\AppData\\Local\\Swiss Academic Software\\Citavi 6\\ProjectCache\\j8x0ro3icur1sl3p764vf4zcubrj4hxy0i5xkhrupfohybdpedt\\Citavi Attachments\\c84289cb-82b7-4138-b60c-34f7600e902b.pdf:pdf}
}


@online{VectorInformatikGmbH.,
 author = {{Vector Informatik GmbH}},
 title = {{Einf{\"u}hrung in FlexRay}},
 url = {https://elearning.vector.com/vl_flexray_introduction_de.html},
 keywords = {Einf{\"u}hrung in FlexRay;E-Learning;FlexRay;FlexRay-Einf{\"u}hrung;FlexRay-Grundlagen;online-Lernen},
 urldate = {2018-06-08},
 abstract = {E-Learning-Angebot zur Einf{\"u}hrung in FlexRay},
 location = {Stuttgart},
 note = {Copyright: 2018 Vector Informatik}
}


@online{VectorInformatikGmbH.b,
 author = {{Vector Informatik GmbH}},
 title = {{Einf{\"u}hrung in die Seriellen Bussysteme im Kfz}},
 url = {https://elearning.vector.com/vl_sbs_introduction_de.html},
 keywords = {Einf{\"u}hrung in serielle Bussysteme;E-Learning;online-Lernen;SBS;Serielle Datenkommunikation im Kfz},
 urldate = {2018-06-08},
 abstract = {E-Learning-Angebot zur Einf{\"u}hrung in serielle Bussysteme},
 location = {Stuttgart},
 note = {Copyright: 2018 Vector Informatik}
}


@online{VectorInformatikGmbH.c,
 author = {{Vector Informatik GmbH}},
 title = {{Einf{\"u}hrung in CAN}},
 url = {https://elearning.vector.com/vl_can_introduction_de.html},
 keywords = {CAN;CAN-Einf{\"u}hrung;CAN-Grundlagen;Controller Area Network;Einf{\"u}hrung in CAN;Einf{\"u}hrung in das Controller Area Network;E-Learning;online-Lernen},
 urldate = {2018-06-08},
 abstract = {E-Learning-Angebot zur Einf{\"u}hrung in CAN},
 location = {Stuttgart},
 note = {Copyright: 2018 Vector Informatik}
}


@book{Unbehauen.2007,
 author = {Unbehauen, Heinz},
 year = {2007},
 title = {{Regelungstechnik I}},
 url = {http://dx.doi.org/10.1007/978-3-8348-9196-9},
 keywords = {Engineering;Lehrbuch;Regelungstechnik;Structural control (Engineering)},
 edition = {14., verbesserte und aktualisierte Auflage},
 publisher = {{Friedr. Vieweg {\&} Sohn Verlag | GWV Fachverlage GmbH Wiesbaden}},
 isbn = {9783834802309},
 subtitle = {{Klassische Verfahren zur Analyse und Synthese linearer kontinuierlicher Regelsysteme, Fuzzy-Regelsysteme}},
 language = {ger},
 location = {Wiesbaden},
 abstract = {},
 doi = {10.1007/978-3-8348-9196-9},
 note = {Unbehauen, Heinz (VerfasserIn)},
 file = {http://external.dandelon.com/download/attachments/dandelon/ids/AT0025E8E49E0323AE30DC1257EAE00305D60.pdf},
 file = {http://external.dandelon.com/download/attachments/dandelon/ids/DE00467D617B2CDF3071CC1257C7D00569644.pdf},
 file = {https://external.dandelon.com/download/attachments/dandelon/ids/DE00467D617B2CDF3071CC1257C7D00569644.pdf}
}


@online{TexasInstrumentsIncorporated.2018,
 author = {{Texas Instruments Incorporated}},
 year = {2018},
 title = {{SN65HVD23x 3.3-V CAN Bus Transceivers}},
 url = {http://www.ti.com/lit/ds/symlink/sn65hvd230.pdf},
 keywords = {SLOS346;SLOS346O},
 urldate = {2018-09-07},
 abstract = {Data Sheet},
 pagetotal = {41},
 file = {94a51c56-ce2d-483d-b536-7914ab9ade41:C\:\\Users\\c.kary\\AppData\\Local\\Swiss Academic Software\\Citavi 6\\ProjectCache\\j8x0ro3icur1sl3p764vf4zcubrj4hxy0i5xkhrupfohybdpedt\\Citavi Attachments\\94a51c56-ce2d-483d-b536-7914ab9ade41.pdf:pdf;d05c267f-2c28-4447-9d5d-5e99976c37a8:C\:\\Users\\c.kary\\AppData\\Local\\Swiss Academic Software\\Citavi 6\\ProjectCache\\j8x0ro3icur1sl3p764vf4zcubrj4hxy0i5xkhrupfohybdpedt\\Remote Attachments\\d05c267f-2c28-4447-9d5d-5e99976c37a8.pdf:pdf}
}


@thesis{Schuller.20.01.2005,
 author = {Sch{\"u}ller, Daniel},
 year = {2005-01-20},
 title = {{Bussysteme im Automobil}},
 urldate = {2018-06-08},
 abstract = {},
 institution = {{Universit{\"a}t Koblenz-Landau}},
 location = {Koblenz},
 file = {63e301b7-803e-4a8a-9550-61376ac2c53c:C\:\\Users\\c.kary\\AppData\\Local\\Swiss Academic Software\\Citavi 6\\ProjectCache\\j8x0ro3icur1sl3p764vf4zcubrj4hxy0i5xkhrupfohybdpedt\\Citavi Attachments\\63e301b7-803e-4a8a-9550-61376ac2c53c.pdf:pdf},
 subtitle = {{Ausarbeitung zum Seminarvortrag}}
}


@book{Schaffer.2012,
 author = {Sch{\"a}ffer, Florian},
 year = {2012},
 title = {{OBD - Fahrzeugdiagnose in der Praxis}},
 keywords = {Kraftfahrzeug;On-Board-Diagnose},
 publisher = {Franzis},
 isbn = {9783645651561},
 language = {ger},
 location = {Haar bei M{\"u}nchen},
 series = {{Elektronik}},
 abstract = {},
 pagetotal = {240},
 file = {http://deposit.d-nb.de/cgi-bin/dokserv?id=4128207&prov=M&dok_var=1&dok_ext=htm},
 file = {http://d-nb.info/1026302196/04}
}


@online{Rouse.2014,
 author = {Rouse, Margaret},
 editor = {TechTarget, Inc},
 year = {2014},
 title = {{Was ist Big-Endian und Little-Endian?}},
 url = {https://www.searchnetworking.de/definition/Big-Endian-und-Little-Endian},
 urldate = {2018-09-11},
 abstract = {Mit Big-Endian bzw Little-Endian l{\"a}sst sich definieren, in welcher Reihenfolge Computerspeicher die zur Verf{\"u}gung stehenden Informationen intern ablegen und abrufen.}
}


@book{Reif.2014,
 author = {Reif, Konrad},
 year = {2014},
 title = {{Automobilelektronik}},
 keywords = {Automobiles;Electronic equipment;Kraftfahrzeugelektronik;Sensortechnik;Stra{\ss}enfahrzeugtechnik},
 edition = {5., {\"u}berarb. Aufl.},
 publisher = {{Springer Vieweg}},
 isbn = {9783658050481},
 subtitle = {{Eine Einf{\"u}hrung f{\"u}r Ingenieure}},
 location = {Wiesbaden},
 series = {{ATZ-MTZ-Fachbuch}},
 abstract = {},
 file = {http://deposit.d-nb.de/cgi-bin/dokserv?id=4894075&prov=M&dok_var=1&dok_ext=htm},
 file = {http://www.gbv.de/dms/tib-ub-hannover/812515463.pdf}
}


@online{ReadtheDocsInc&contributors.03.07.2018,
 author = {{Read the Docs, Inc {\&} contributors}},
 year = {03.07.2018},
 title = {python-can},
 url = {https://python-can.readthedocs.io/en/2.2.0/},
 urldate = {2018-09-12},
 abstract = {},
 organization = {2018}
}


@book{Quigley.2015,
 author = {Quigley, Morgan and Gerkey, Brian and Smart, Bill},
 year = {2015},
 title = {{Programming robots with ROS}},
 url = {http://proquest.safaribooksonline.com/9781449325480},
 keywords = {Operating systems (Computers);Programming;Robot Operating System;Robotics;Robotik;Robots},
 edition = {First edition},
 publisher = {O´Reilly},
 isbn = {9781449323899},
 subtitle = {{A practical introduction to the Robot Operating System}},
 location = {Beijing and Boston and Farnham and Sebastopol and Tokyo},
 series = {{Safari Tech Books Online}},
 abstract = {},
 file = {http://search.ebscohost.com/login.aspx?direct=true&scope=site&db=nlebk&AN=1100699},
 file = {https://external.dandelon.com/download/attachments/dandelon/ids/DE0019A234DB5545333DEC12580EB003C433F.pdf}
}


@online{PythonSoftwareFoundation.2018,
 author = {{Python Software Foundation}},
 editor = {{Python Software Foundation}},
 year = {2018},
 title = {{7.3. struct --- Interpret strings as packed binary data --- Python 2.7.15 documentation}},
 url = {https://docs.python.org/2/library/struct.html},
 urldate = {2018-09-11},
 abstract = {},
 subtitle = {{The Python Standard Library}}
}


@online{OliverHartkopp.2017,
 author = {{Oliver Hartkopp} and {Urs Thuermann} and {Jan Kizka} and {Wolfgang Grandegger} and {Robert Schwebel} and {Marc Kleine-Budde}},
 year = {2017},
 title = {{Readme file for the Controller Area Network Protocol Family (aka SocketCAN)}},
 url = {https://www.kernel.org/doc/Documentation/networking/can.txt},
 urldate = {2018-09-09},
 abstract = {}
}


@online{NVIDIACorporation.2017,
 author = {{NVIDIA Corporation}},
 editor = {{NVIDIA Corporation}},
 year = {2017},
 title = {{NVIDIA Jetson TX2}},
 url = {https://devtalk.nvidia.com/default/topic/998129/jetson-tx2/links-to-jetson-tx2-resources/},
 urldate = {2018-09-06},
 abstract = {Jetson TX2 OEM Product Design Guide},
 pagetotal = {98},
 file = {03ff4a1c-7394-4c51-b50d-b0be23c105c3:C\:\\Users\\c.kary\\AppData\\Local\\Swiss Academic Software\\Citavi 6\\ProjectCache\\j8x0ro3icur1sl3p764vf4zcubrj4hxy0i5xkhrupfohybdpedt\\Citavi Attachments\\03ff4a1c-7394-4c51-b50d-b0be23c105c3.pdf:pdf},
 subtitle = {{OEM Product Design Guide}}
}


@book{Liu.2010,
 author = {Liu, F.},
 year = {2010},
 title = {{Objektverfolgung durch Fusion von Radar- und Monokameradaten auf Merkmalsebene f{\"u}r zuk{\"u}nftige Fahrerassistenzsysteme}},
 url = {https://books.google.de/books?id=LqDj-cevqpEC},
 publisher = {{KIT Scientific Publ}},
 isbn = {9783866445772},
 abstract = {}
}


@online{Leonhardt.1997,
 author = {Leonhardt, S. and Ayoubi, M.},
 editor = {{Darmstadt University of Technology}},
 year = {1997},
 title = {{Methods of fault diagnosis}},
 url = {https://www.sciencedirect.com/science/article/pii/S0967066197000506},
 urldate = {2018-09-11},
 abstract = {},
 doi = {10.1016/S0967-0661(97)00050-6},
 organization = {{Institute of Automatic Control}}
}


@book{Klumann.2000,
 author = {Klu{\ss}mann, Niels},
 year = {2000},
 title = {{Lexikon der Kommunikations- und Informationstechnik}},
 keywords = {Datenkommunikation;Daten{\"u}bertragung;Dictionaries;Electronic data processing;Informatik;Informatik / Allgemeines;Information science;Informationstechnik;Internet;Kommunikationstechnik;Lexikon;Multimedia;Telecommunication;Telekommunikation;W{\"o}rterbuch},
 edition = {2., erw. und aktualisierte Aufl.},
 publisher = {H{\"u}thig},
 isbn = {3778539132},
 subtitle = {{Telekommunikation, Datenkommunikation, Multimedia, Internet}},
 language = {ger},
 location = {Heidelberg},
 abstract = {},
 pagetotal = {871},
 file = {https://external.dandelon.com/download/attachments/dandelon/ids/CH001BBC43EC6B6E72E5BC12578E2004FAFB9.pdf}
}


@thesis{Kary.12.09.2016,
 author = {Kary, Christof},
 year = {2016-09-12},
 title = {{Ermittlung der Rekuperationsenergie und der Leistungsaufnahme von Nebenverbrauchern in einem Elektroauto}},
 urldate = {2018-09-12},
 abstract = {},
 pagetotal = {96},
 type = {{Bachelorarbeit}},
 institution = {{Hochschule Karlsruhe}},
 location = {Karlsruhe},
 file = {cf2165cb-df6b-48f0-91f5-9b6d1bce613a:C\:\\Users\\c.kary\\AppData\\Local\\Swiss Academic Software\\Citavi 6\\ProjectCache\\j8x0ro3icur1sl3p764vf4zcubrj4hxy0i5xkhrupfohybdpedt\\Citavi Attachments\\cf2165cb-df6b-48f0-91f5-9b6d1bce613a.pdf:pdf},
 titleaddon = {Institut f{\"u}r Energieeffiziente Mobilit{\"a}t}
}


@online{ISTQBAISBLGermanTestingBoarde.V.2017,
 author = {{ISTQB AISBL, German Testing Board e.V}},
 year = {2017},
 title = {{ISTQB GTB Standardglossar der Testbegriffe}},
 url = {http://glossar.german-testing-board.info/},
 urldate = {2018-07-20},
 abstract = {},
 subtitle = {{Version vom 21.05.2017}}
}


@misc{InternationalOrganizationforStandardization.15.11.1994,
 title = {{ISO/IEC 7498-1: Information technology - Open Systems Interconnection - Basic Reference Model: The Basic Model}},
 url = {http://standards.iso.org/ittf/PubliclyAvailableStandards/s020269_ISO_IEC_7498-1_1994(E).zip},
 urldate = {2018-06-08},
 number = {7498-1},
 abstract = {},
 pagetotal = {68},
 date = {1994-11-15},
 file = {5fb3b93e-77a1-4241-b503-f2100cfa54db:C\:\\Users\\c.kary\\AppData\\Local\\Swiss Academic Software\\Citavi 6\\ProjectCache\\j8x0ro3icur1sl3p764vf4zcubrj4hxy0i5xkhrupfohybdpedt\\Citavi Attachments\\5fb3b93e-77a1-4241-b503-f2100cfa54db.pdf:pdf},
 type = {ISO/IEC},
 location = {Genf, CH},
 organization = {{ISO/IEC Copyright Office}},
 editor = {{International Organization for Standardization,}}
}


@online{FordMotorCompany.2017,
 author = {{Ford Motor Company}},
 editor = {{Ford Motor Company}},
 year = {2017},
 title = {{Bit Numbering and Byte Order --- OpenXC Vehicle Interface Firmware 7.2.1-dev documentation}},
 url = {http://vi-firmware.openxcplatform.com/en/master/config/bit-numbering.html},
 urldate = {2018-09-11},
 abstract = {},
 subtitle = {{OpenXC Vehicle Interface Firmware}}
}


@article{Fitzer.2018,
 author = {Fitzer, Fabian},
 year = {2018},
 title = {{Entwicklung eines Demonstrators f{\"u}r Fahrerassistenzsysteme und Implementierung einer Querf{\"u}hrung}},
 urldate = {2018-04-04},
 titleaddon = {{Masterarbeit MA042}},
 abstract = {},
 pagetotal = {85},
 file = {24195726-3952-4ebf-9baa-9fe3fb9afd05:C\:\\Users\\c.kary\\AppData\\Local\\Swiss Academic Software\\Citavi 6\\ProjectCache\\j8x0ro3icur1sl3p764vf4zcubrj4hxy0i5xkhrupfohybdpedt\\Citavi Attachments\\24195726-3952-4ebf-9baa-9fe3fb9afd05.pdf:pdf}
}


@misc{DINDeutschesInstitutfurNormunge.V..201511,
 title = {{Qualit{\"a}tsmanagementsysteme}},
 url = {http://perinorm-fr.redi-bw.de/volltexte/CD21DE07/2325650/2325650.pdf?},
 urldate = {2018-07-13},
 volume = {01.040.03; 03.120.10},
 number = {9000},
 abstract = {},
 pagetotal = {104},
 date = {2015-11-01},
 file = {178f0400-4336-45d2-8bf4-4de8a5c71003:C\:\\Users\\c.kary\\AppData\\Local\\Swiss Academic Software\\Citavi 6\\ProjectCache\\j8x0ro3icur1sl3p764vf4zcubrj4hxy0i5xkhrupfohybdpedt\\Citavi Attachments\\178f0400-4336-45d2-8bf4-4de8a5c71003.pdf:pdf},
 type = {DIN~EN~ISO},
 location = {Berlin},
 version = {2005-12},
 organization = {{DIN Deutsches Institut f{\"u}r Normung e.V.}},
 editor = {{DIN Deutsches Institut f{\"u}r Normung e.V.}}
}


@misc{DINDeutschesInstitutfurNormunge.V..200805,
 title = {{Begriffe zum Qualit{\"a}tsmanagement}},
 url = {http://perinorm-fr.redi-bw.de/volltexte/CD21DE03/1415055/1415055.pdf?},
 urldate = {2018-07-13},
 volume = {01.040.03; 03.120.01},
 number = {55350},
 abstract = {},
 pagetotal = {13},
 date = {2008-05-01},
 file = {5e123c65-68bd-4022-a37f-36675346df39:C\:\\Users\\c.kary\\AppData\\Local\\Swiss Academic Software\\Citavi 6\\ProjectCache\\j8x0ro3icur1sl3p764vf4zcubrj4hxy0i5xkhrupfohybdpedt\\Citavi Attachments\\5e123c65-68bd-4022-a37f-36675346df39.pdf:pdf},
 type = {DIN},
 location = {Berlin},
 version = {11},
 organization = {{DIN Deutsches Institut f{\"u}r Normung e.V.}},
 editor = {{DIN Deutsches Institut f{\"u}r Normung e.V.}}
}


@book{Borcsok.2007,
 author = {B{\"o}rcs{\"o}k, Josef},
 year = {2007},
 title = {{Elektronische Sicherheitssysteme}},
 url = {http://deposit.d-nb.de/cgi-bin/dokserv?id=2995265&prov=M&dok_var=1&dok_ext=htm},
 keywords = {Anforderungsdefinition;Ausfallsicheres System;Automatisierungstechnik;Datenverarbeitungssystem;Elektroinstallation;Funktionssicherheit;Risikoanalyse;Sicherheitstechnik},
 edition = {2., {\"u}berarbeitete Auflage},
 publisher = {{H{\"u}thig GmbH {\&} Co. KG}},
 isbn = {9783778540213},
 subtitle = {{Hardwarekonzepte, Modelle und Berechnung}},
 location = {Heidelberg},
 series = {{Praxis}},
 abstract = {},
 pagetotal = {608},
 file = {http://d-nb.info/985373571/04}
}


@article{AlexBattiston.201415,
 author = {{Alex Battiston}},
 year = {2014-15},
 title = {{Software in C++ for communication between CAN bus and ROS in a robot vehicle}},
 urldate = {2018-04-17},
 subtitle = {{UNIVERSIT{\`A} DEGLI STUDI DI PADOVA; FACOLT{\`A} DI INGEGNERIA}},
 titleaddon = {{TESI DI LAUREA MAGISTRALE}},
 number = {1034764-IMC},
 abstract = {},
 pagetotal = {84},
 file = {bacac2ed-c724-4507-a6f1-b246fc274c80:C\:\\Users\\c.kary\\AppData\\Local\\Swiss Academic Software\\Citavi 6\\ProjectCache\\j8x0ro3icur1sl3p764vf4zcubrj4hxy0i5xkhrupfohybdpedt\\Citavi Attachments\\bacac2ed-c724-4507-a6f1-b246fc274c80.pdf:pdf}
}


@collection{Wallentowitz.2011,
 year = {2011},
 title = {{Handbuch Kraftfahrzeugelektronik}},
 keywords = {Book;Bussysteme;FlexRay;Kraftfahrzeugelektronik;Lin;Most;Motorsteuerung},
 edition = {2., verb. und aktualisierte Aufl.},
 publisher = {{Vieweg + Teubner}},
 isbn = {9783834807007},
 series = {{ATZ/MTZ-Fachbuch}},
 editor = {Wallentowitz, Henning and Reif, Konrad},
 abstract = {},
 pagetotal = {724},
 language = {ger},
 subtitle = {{Grundlagen - Komponenten - Systeme - Anwendungen}},
 location = {Wiesbaden},
 file = {http://deposit.d-nb.de/cgi-bin/dokserv?id=3540038&prov=M&dok_var=1&dok_ext=htm},
 file = {http://d-nb.info/1007117141/04}
}


@book{Zimmermann.2014,
 author = {Zimmermann, Werner and Schmidgall, Ralf},
 year = {2014},
 title = {{Bussysteme in der Fahrzeugtechnik}},
 url = {http://dx.doi.org/10.1007/978-3-658-02419-2},
 keywords = {Bus;Computer engineering;Engineering;Kommunikationsprotokoll;Kraftfahrzeugelektronik;Systems engineering;Telecommunication},
 edition = {5., aktual. und erw. Aufl.},
 publisher = {{Springer Vieweg}},
 isbn = {9783658024185},
 subtitle = {{Protokolle, Standards und Softwarearchitektur}},
 location = {Wiesbaden},
 series = {{ATZ / MTZ-Fachbuch}},
 abstract = {Dieses Fachbuch gibt einen {\"U}berblick {\"u}ber die in der Kfz-Elektronik verbreiteten Bussysteme wie CAN, FlexRay, LIN oder MOST, deren Protokolle und die Softwarearchitektur moderner Steuerger{\"a}te. Die Beschreibung erfolgt aus der Sicht von Ingenieuren, die diese Systeme in der Praxis einsetzen und in Fahrzeuge integrieren m{\"u}ssen. Ausf{\"u}hrlich wird auf die h{\"o}heren Schichten der ISO, SAE und ASAM-Transport- und Diagnoseprotokolle sowie deren Anwendung eingegangen. Neben der Kommunikation wird die Softwarearchitektur der Steuerger{\"a}te mit Betriebssystem und Basissoftware vorgestellt, wie sie im Rahmen von AUTOSAR, OSEK/VDX und HIS definiert werden. Neu in dieser Auflage wurden CAN FD, Automotive Ethernet, OTX und WWH-OBD aufgenommen. Der Inhalt Bussysteme, Protokolle, Standards und Softwarearchitektur - Physical und Data Link Layer f{\"u}r CAN, CAN FD, LIN, FlexRay, MOST, Automotive Ethernet, SAE J1939, K-Line, SENT, PSI5, ASRB, DSI, Car-to-Car - Transportprotokolle - Diagnoseprotokolle UDS, KWP 2000, OBD, DoIP - Applikation und Diagnose mit ASAM FIBEX, ODX, OTX - Softwarestandards: OSEK, HIS, AUTOSAR, Flashlader - Zeitverhalten von Bus und Betriebssystem - Werkzeuge, Anwendungen und Einsatzgebiete Die Zielgruppen Entwicklungs- und Applikationsingenieure in der Automobil- und Zulieferindustrie Studierende der Kfz-Elektrik/Elektronik, Mechatronik, Technischen Informatik, Softwaretechnik, Maschinenbau/Kraftfahrzeugtechnik Die Autoren Prof. Dr.-Ing. Werner Zimmermann lehrt Regelungstechnik, Systementwurf, Digital- und Rechnersysteme an der Hochschule Esslingen und war vorher bei der Robert Bosch GmbH f{\"u}r die Steuerger{\"a}teentwicklung von Dieselfahrzeugen verantwortlich. Dr. Ralf Schmidgall ist in der Entwicklung Fahrzeugdiagnose der Daimler AG t{\"a}tig. Zuvor sammelte er Erfahrungen in der Entwicklung von Flash-Bootladern in der Kfz-Zulieferindustrie},
 pagetotal = {507},
 doi = {10.1007/978-3-658-02419-2},
 file = {http://gbv.eblib.com/patron/FullRecord.aspx?p=1783365},
 file = {https://ebookcentral.proquest.com/lib/gbv/detail.action?docID=1783365},
 file = {https://external.dandelon.com/download/attachments/dandelon/ids/DE002B7FC5A327068DC6FC1257D7E003AE2FC.pdf}
}


