% This file was created with Citavi 6.1.0.0

@article{AlexBattiston.201415,
 author = {{Alex Battiston}},
 year = {2014-15},
 title = {{Software in C++ for communication between CAN bus and ROS in a robot vehicle}},
 urldate = {2018-04-17},
 subtitle = {{UNIVERSIT{\`A} DEGLI STUDI DI PADOVA; FACOLT{\`A} DI INGEGNERIA}},
 titleaddon = {{TESI DI LAUREA MAGISTRALE}},
 number = {1034764-IMC},
 abstract = {},
 pagetotal = {84},
 file = {bacac2ed-c724-4507-a6f1-b246fc274c80:C\:\\Users\\c.kary\\AppData\\Local\\Swiss Academic Software\\Citavi 6\\ProjectCache\\j8x0ro3icur1sl3p764vf4zcubrj4hxy0i5xkhrupfohybdpedt\\Citavi Attachments\\bacac2ed-c724-4507-a6f1-b246fc274c80.pdf:pdf}
}


@misc{DINDeutschesInstitutfurNormunge.V..200805,
 title = {{Begriffe zum Qualit{\"a}tsmanagement}},
 url = {http://perinorm-fr.redi-bw.de/volltexte/CD21DE03/1415055/1415055.pdf?},
 urldate = {2018-07-13},
 volume = {01.040.03; 03.120.01},
 number = {55350},
 abstract = {},
 pagetotal = {13},
 date = {2008-05-01},
 file = {5e123c65-68bd-4022-a37f-36675346df39:C\:\\Users\\c.kary\\AppData\\Local\\Swiss Academic Software\\Citavi 6\\ProjectCache\\j8x0ro3icur1sl3p764vf4zcubrj4hxy0i5xkhrupfohybdpedt\\Citavi Attachments\\5e123c65-68bd-4022-a37f-36675346df39.pdf:pdf},
 type = {DIN},
 location = {Berlin},
 version = {11},
 organization = {{DIN Deutsches Institut f{\"u}r Normung e.V.}},
 editor = {{DIN Deutsches Institut f{\"u}r Normung e.V.}}
}


@misc{DINDeutschesInstitutfurNormunge.V..201511,
 title = {{Qualit{\"a}tsmanagementsysteme}},
 url = {http://perinorm-fr.redi-bw.de/volltexte/CD21DE07/2325650/2325650.pdf?},
 urldate = {2018-07-13},
 volume = {01.040.03; 03.120.10},
 number = {9000},
 abstract = {},
 pagetotal = {104},
 date = {2015-11-01},
 file = {178f0400-4336-45d2-8bf4-4de8a5c71003:C\:\\Users\\c.kary\\AppData\\Local\\Swiss Academic Software\\Citavi 6\\ProjectCache\\j8x0ro3icur1sl3p764vf4zcubrj4hxy0i5xkhrupfohybdpedt\\Citavi Attachments\\178f0400-4336-45d2-8bf4-4de8a5c71003.pdf:pdf},
 type = {DIN~EN~ISO},
 location = {Berlin},
 version = {2005-12},
 organization = {{DIN Deutsches Institut f{\"u}r Normung e.V.}},
 editor = {{DIN Deutsches Institut f{\"u}r Normung e.V.}}
}


@article{Fitzer.2018,
 author = {Fitzer, Fabian},
 year = {2018},
 title = {{Entwicklung eines Demonstrators f{\"u}r Fahrerassistenzsysteme und Implementierung einer Querf{\"u}hrung}},
 urldate = {2018-04-04},
 titleaddon = {{Masterarbeit MA042}},
 abstract = {},
 pagetotal = {85},
 file = {24195726-3952-4ebf-9baa-9fe3fb9afd05:C\:\\Users\\c.kary\\AppData\\Local\\Swiss Academic Software\\Citavi 6\\ProjectCache\\j8x0ro3icur1sl3p764vf4zcubrj4hxy0i5xkhrupfohybdpedt\\Citavi Attachments\\24195726-3952-4ebf-9baa-9fe3fb9afd05.pdf:pdf}
}


@misc{InternationalOrganizationforStandardization.15.11.1994,
 title = {{ISO/IEC 7498-1: Information technology - Open Systems Interconnection - Basic Reference Model: The Basic Model}},
 url = {http://standards.iso.org/ittf/PubliclyAvailableStandards/s020269_ISO_IEC_7498-1_1994(E).zip},
 urldate = {2018-06-08},
 number = {7498-1},
 abstract = {},
 pagetotal = {68},
 date = {1994-11-15},
 file = {5fb3b93e-77a1-4241-b503-f2100cfa54db:C\:\\Users\\c.kary\\AppData\\Local\\Swiss Academic Software\\Citavi 6\\ProjectCache\\j8x0ro3icur1sl3p764vf4zcubrj4hxy0i5xkhrupfohybdpedt\\Citavi Attachments\\5fb3b93e-77a1-4241-b503-f2100cfa54db.pdf:pdf},
 type = {ISO/IEC},
 location = {Genf, CH},
 organization = {{ISO/IEC Copyright Office}},
 editor = {{International Organization for Standardization,}}
}


@book{Klumann.2000,
 author = {Klu{\ss}mann, Niels},
 year = {2000},
 title = {{Lexikon der Kommunikations- und Informationstechnik}},
 keywords = {Datenkommunikation;Daten{\"u}bertragung;Dictionaries;Electronic data processing;Informatik;Informatik / Allgemeines;Information science;Informationstechnik;Internet;Kommunikationstechnik;Lexikon;Multimedia;Telecommunication;Telekommunikation;W{\"o}rterbuch},
 edition = {2., erw. und aktualisierte Aufl.},
 publisher = {H{\"u}thig},
 isbn = {3778539132},
 subtitle = {{Telekommunikation, Datenkommunikation, Multimedia, Internet}},
 location = {Heidelberg},
 file = {https://external.dandelon.com/download/attachments/dandelon/ids/CH001BBC43EC6B6E72E5BC12578E2004FAFB9.pdf}
}


@book{Liu.2010,
 author = {Liu, F.},
 year = {2010},
 title = {{Objektverfolgung durch Fusion von Radar- und Monokameradaten auf Merkmalsebene f{\"u}r zuk{\"u}nftige Fahrerassistenzsysteme}},
 url = {https://books.google.de/books?id=LqDj-cevqpEC},
 publisher = {{KIT Scientific Publ}},
 isbn = {9783866445772},
 abstract = {}
}


@thesis{Schuller.20.01.2005,
 author = {Sch{\"u}ller, Daniel},
 year = {2005-01-20},
 title = {{Bussysteme im Automobil}},
 urldate = {2018-06-08},
 abstract = {},
 institution = {{Universit{\"a}t Koblenz-Landau}},
 location = {Koblenz},
 file = {63e301b7-803e-4a8a-9550-61376ac2c53c:C\:\\Users\\c.kary\\AppData\\Local\\Swiss Academic Software\\Citavi 6\\ProjectCache\\j8x0ro3icur1sl3p764vf4zcubrj4hxy0i5xkhrupfohybdpedt\\Citavi Attachments\\63e301b7-803e-4a8a-9550-61376ac2c53c.pdf:pdf},
 subtitle = {{Ausarbeitung zum Seminarvortrag}}
}


@online{VectorInformatikGmbH.,
 author = {{Vector Informatik GmbH}},
 title = {{Einf{\"u}hrung in CAN}},
 url = {https://elearning.vector.com/vl_can_introduction_de.html},
 keywords = {CAN;CAN-Einf{\"u}hrung;CAN-Grundlagen;Controller Area Network;Einf{\"u}hrung in CAN;Einf{\"u}hrung in das Controller Area Network;E-Learning;online-Lernen},
 urldate = {2018-06-08},
 abstract = {E-Learning-Angebot zur Einf{\"u}hrung in CAN},
 location = {Stuttgart},
 note = {Copyright: 2018 Vector Informatik}
}


@online{VectorInformatikGmbH.b,
 author = {{Vector Informatik GmbH}},
 title = {{Einf{\"u}hrung in die Seriellen Bussysteme im Kfz}},
 url = {https://elearning.vector.com/vl_sbs_introduction_de.html},
 keywords = {Einf{\"u}hrung in serielle Bussysteme;E-Learning;online-Lernen;SBS;Serielle Datenkommunikation im Kfz},
 urldate = {2018-06-08},
 abstract = {E-Learning-Angebot zur Einf{\"u}hrung in serielle Bussysteme},
 location = {Stuttgart},
 note = {Copyright: 2018 Vector Informatik}
}


@online{VectorInformatikGmbH.c,
 author = {{Vector Informatik GmbH}},
 title = {{Einf{\"u}hrung in FlexRay}},
 url = {https://elearning.vector.com/vl_flexray_introduction_de.html},
 keywords = {Einf{\"u}hrung in FlexRay;E-Learning;FlexRay;FlexRay-Einf{\"u}hrung;FlexRay-Grundlagen;online-Lernen},
 urldate = {2018-06-08},
 abstract = {E-Learning-Angebot zur Einf{\"u}hrung in FlexRay},
 location = {Stuttgart},
 note = {Copyright: 2018 Vector Informatik}
}


@online{VectorInformatikGmbH.2015,
 author = {{Vector Informatik GmbH}},
 year = {2015},
 title = {{Handbuch CANcaseXL}},
 url = {https://vector.com/portal/medien/cmc/manuals/CANcaseXL_Manual_DE.pdf},
 keywords = {V5.2.0},
 urldate = {2018-06-08},
 abstract = {},
 pagetotal = {40},
 file = {c84289cb-82b7-4138-b60c-34f7600e902b:C\:\\Users\\c.kary\\AppData\\Local\\Swiss Academic Software\\Citavi 6\\ProjectCache\\j8x0ro3icur1sl3p764vf4zcubrj4hxy0i5xkhrupfohybdpedt\\Citavi Attachments\\c84289cb-82b7-4138-b60c-34f7600e902b.pdf:pdf}
}


@online{VectorInformatikGmbH.07.08.2017,
 author = {{Vector Informatik GmbH}},
 year = {07.08.2017},
 title = {{CAPL Documentation}},
 url = {https://kb.vector.com/entry/48/},
 urldate = {2018-06-08},
 abstract = {},
 location = {Stuttgart},
 organization = {{Vector Informatik GmbH}},
 subtitle = {{Vector KnowledgeBase}}
}


@online{VectorInformatikGmbH.2018,
 author = {{Vector Informatik GmbH}},
 year = {2018},
 title = {{CANoe}},
 url = {https://vector.com/portal/medien/cmc/info/CANoe_ProductInformation_DE.pdf},
 keywords = {Produktinformation},
 urldate = {2018-06-08},
 abstract = {},
 pagetotal = {54},
 file = {dc3e3dc9-25f5-4105-91df-19948e8d08ab:C\:\\Users\\c.kary\\AppData\\Local\\Swiss Academic Software\\Citavi 6\\ProjectCache\\j8x0ro3icur1sl3p764vf4zcubrj4hxy0i5xkhrupfohybdpedt\\Citavi Attachments\\dc3e3dc9-25f5-4105-91df-19948e8d08ab.pdf:pdf},
 subtitle = {{Produktinformation}}
}


@collection{Wallentowitz.2011,
 year = {2011},
 title = {{Handbuch Kraftfahrzeugelektronik}},
 keywords = {Book;Bussysteme;FlexRay;Kraftfahrzeugelektronik;Lin;Most;Motorsteuerung},
 edition = {2., verb. und aktualisierte Aufl.},
 publisher = {{Vieweg + Teubner}},
 isbn = {9783834807007},
 series = {{ATZ/MTZ-Fachbuch}},
 editor = {Wallentowitz, Henning and Reif, Konrad},
 abstract = {},
 pagetotal = {724},
 language = {ger},
 subtitle = {{Grundlagen - Komponenten - Systeme - Anwendungen}},
 location = {Wiesbaden},
 file = {http://d-nb.info/1007117141/04},
 file = {http://deposit.d-nb.de/cgi-bin/dokserv?id=3540038&prov=M&dok_var=1&dok_ext=htm}
}


@book{Zimmermann.2014,
 author = {Zimmermann, Werner and Schmidgall, Ralf},
 year = {2014},
 title = {{Bussysteme in der Fahrzeugtechnik}},
 url = {http://dx.doi.org/10.1007/978-3-658-02419-2},
 keywords = {Bus;Computer engineering;Engineering;Kommunikationsprotokoll;Kraftfahrzeugelektronik;Systems engineering;Telecommunication},
 edition = {5., aktual. und erw. Aufl.},
 publisher = {{Springer Vieweg}},
 isbn = {9783658024185},
 subtitle = {{Protokolle, Standards und Softwarearchitektur}},
 language = {ger},
 location = {Wiesbaden},
 series = {{ATZ / MTZ-Fachbuch}},
 abstract = {Dieses Fachbuch gibt einen {\"U}berblick {\"u}ber die in der Kfz-Elektronik verbreiteten Bussysteme wie CAN, FlexRay, LIN oder MOST, deren Protokolle und die Softwarearchitektur moderner Steuerger{\"a}te. Die Beschreibung erfolgt aus der Sicht von Ingenieuren, die diese Systeme in der Praxis einsetzen und in Fahrzeuge integrieren m{\"u}ssen. Ausf{\"u}hrlich wird auf die h{\"o}heren Schichten der ISO, SAE und ASAM-Transport- und Diagnoseprotokolle sowie deren Anwendung eingegangen. Neben der Kommunikation wird die Softwarearchitektur der Steuerger{\"a}te mit Betriebssystem und Basissoftware vorgestellt, wie sie im Rahmen von AUTOSAR, OSEK/VDX und HIS definiert werden. Neu in dieser Auflage wurden CAN FD, Automotive Ethernet, OTX und WWH-OBD aufgenommen. Der Inhalt Bussysteme, Protokolle, Standards und Softwarearchitektur - Physical und Data Link Layer f{\"u}r CAN, CAN FD, LIN, FlexRay, MOST, Automotive Ethernet, SAE J1939, K-Line, SENT, PSI5, ASRB, DSI, Car-to-Car - Transportprotokolle - Diagnoseprotokolle UDS, KWP 2000, OBD, DoIP - Applikation und Diagnose mit ASAM FIBEX, ODX, OTX - Softwarestandards: OSEK, HIS, AUTOSAR, Flashlader - Zeitverhalten von Bus und Betriebssystem - Werkzeuge, Anwendungen und Einsatzgebiete Die Zielgruppen Entwicklungs- und Applikationsingenieure in der Automobil- und Zulieferindustrie Studierende der Kfz-Elektrik/Elektronik, Mechatronik, Technischen Informatik, Softwaretechnik, Maschinenbau/Kraftfahrzeugtechnik Die Autoren Prof. Dr.-Ing. Werner Zimmermann lehrt Regelungstechnik, Systementwurf, Digital- und Rechnersysteme an der Hochschule Esslingen und war vorher bei der Robert Bosch GmbH f{\"u}r die Steuerger{\"a}teentwicklung von Dieselfahrzeugen verantwortlich. Dr. Ralf Schmidgall ist in der Entwicklung Fahrzeugdiagnose der Daimler AG t{\"a}tig. Zuvor sammelte er Erfahrungen in der Entwicklung von Flash-Bootladern in der Kfz-Zulieferindustrie},
 pagetotal = {507},
 doi = {10.1007/978-3-658-02419-2},
 note = {Schmidgall, Ralf (VerfasserIn)},
 file = {http://gbv.eblib.com/patron/FullRecord.aspx?p=1783365},
 file = {https://ebookcentral.proquest.com/lib/gbv/detail.action?docID=1783365},
 file = {https://external.dandelon.com/download/attachments/dandelon/ids/DE002B7FC5A327068DC6FC1257D7E003AE2FC.pdf}
}


